<record><leader>00000cas a22000007a 4500</leader><controlfield tag="001">30483247</controlfield><controlfield tag="008">940523d187018uutxuir ne      0    0eng d</controlfield><datafield ind1=" " ind2=" " tag="010"><subfield code="a">sn 94059119 </subfield></datafield><datafield ind1=" " ind2=" " tag="040"><subfield code="a">PPM</subfield><subfield code="b">eng</subfield><subfield code="c">PPM</subfield><subfield code="d">OCLCQ</subfield></datafield><datafield ind1=" " ind2=" " tag="019"><subfield code="a">11900813</subfield></datafield><datafield ind1=" " ind2=" " tag="042"><subfield code="a">msc</subfield></datafield><datafield ind1="0" ind2=" " tag="130"><subfield code="a">Houston tri-weekly telegraph (Houston, Tex. : 1870)</subfield></datafield><datafield ind1="1" ind2="0" tag="245"><subfield code="a">Houston tri-weekly telegraph.</subfield></datafield><datafield ind1="1" ind2="3" tag="246"><subfield code="a">Telegraph</subfield></datafield><datafield ind1=" " ind2=" " tag="260"><subfield code="a">Houston, Tex. :</subfield><subfield code="b">W.G. Webb</subfield></datafield><datafield ind1=" " ind2=" " tag="300"><subfield code="a">v.</subfield></datafield><datafield ind1=" " ind2=" " tag="310"><subfield code="a">Triweekly</subfield></datafield><datafield ind1=" " ind2=" " tag="588"><subfield code="a">Description based on: Vol. 35, no. 111 (Jan. 21, 1870).</subfield></datafield><datafield ind1=" " ind2=" " tag="752"><subfield code="a">United States</subfield><subfield code="b">Texas</subfield><subfield code="c">Harris</subfield><subfield code="d">Houston.</subfield></datafield><datafield ind1="0" ind2=" " tag="775"><subfield code="t">Daily telegraph (Houston, Tex. : 187u)</subfield><subfield code="w">(DLC)sn 94059117</subfield></datafield><datafield ind1="0" ind2=" " tag="775"><subfield code="t">Weekly telegraph (Houston, Tex.)</subfield><subfield code="w">(OCoLC)12290688</subfield></datafield><datafield ind1="0" ind2="0" tag="780"><subfield code="t">Tri-weekly telegraph (Houston, Tex. : 1866)</subfield><subfield code="w">(OCoLC)14708029</subfield></datafield><datafield ind1="1" ind2=" " tag="029"><subfield code="a">AU@</subfield><subfield code="b">000023624380</subfield></datafield></record>